<record><leader>00000cas a22000001a 4500</leader><controlfield tag="001">32406264</controlfield><controlfield tag="007">hd afb020baca</controlfield><controlfield tag="007">hd bfb020baaa</controlfield><controlfield tag="008">950502d18391840mauwr nea     0    0eng d</controlfield><controlfield tag="009">10519</controlfield><datafield ind1=" " ind2=" " tag="010"><subfield code="a">sn 94084135 </subfield></datafield><datafield ind1=" " ind2=" " tag="040"><subfield code="a">NN</subfield><subfield code="b">eng</subfield><subfield code="c">RQM</subfield><subfield code="d">DLC</subfield><subfield code="d">OCLCG</subfield></datafield><datafield ind1=" " ind2=" " tag="012"><subfield code="i">9503</subfield></datafield><datafield ind1="1" ind2=" " tag="029"><subfield code="a">AU@</subfield><subfield code="b">000025875309</subfield></datafield><datafield ind1=" " ind2=" " tag="042"><subfield code="a">msc</subfield></datafield><datafield ind1=" " ind2=" " tag="043"><subfield code="a">n-us-ma</subfield></datafield><datafield ind1="0" ind2="0" tag="245"><subfield code="a">Worcester palladium and Worcester County Republican</subfield><subfield code="h">[microform].</subfield></datafield><datafield ind1=" " ind2=" " tag="260"><subfield code="a">Worcester, Mass. :</subfield><subfield code="b">[J.S.C. Knowlton],</subfield><subfield code="c">1839-1840.</subfield></datafield><datafield ind1=" " ind2=" " tag="300"><subfield code="a">2 v. ;</subfield><subfield code="c">58 cm.</subfield></datafield><datafield ind1=" " ind2=" " tag="310"><subfield code="a">Weekly</subfield></datafield><datafield ind1="0" ind2=" " tag="362"><subfield code="a">Vol. 6, no. 8 (Feb. 20, 1839)-v. 7, no. 7 (Feb. 12, 1840).</subfield></datafield><datafield ind1=" " ind2=" " tag="500"><subfield code="a">Democratic. Cf. Hull, D.  Hist. of Worcester newspapers (typescript at American Antiquarian Society).</subfield></datafield><datafield ind1=" " ind2=" " tag="500"><subfield code="a">Printer: E.W. Bartlett, Feb. 20, 1839-Jan. 1, 1840; E.W. Bartlett &amp; Co., Jan. 8-Feb. 12, 1840.</subfield></datafield><datafield ind1=" " ind2=" " tag="500"><subfield code="a">Knowlton identified as publisher and editor in his obituary, Worcester palladium, June 14, 1871.</subfield></datafield><datafield ind1=" " ind2=" " tag="580"><subfield code="a">Formed by the union of: Worcester Palladium (Worcester, Mass. : 1834), and: Worcester Republican (Worcester, Mass. : 1833).</subfield></datafield><datafield ind1=" " ind2=" " tag="533"><subfield code="a">Microfilm.</subfield><subfield code="m">Feb.20,1839-Feb.12,1840:[Gaps] On film with related titles.</subfield><subfield code="b">New York :</subfield><subfield code="c">New York Public Library,</subfield><subfield code="d">1984.</subfield><subfield code="e">1 microfilm reel ; 35 mm.</subfield></datafield><datafield ind1="1" ind2=" " tag="700"><subfield code="a">Knowlton, John S. C.</subfield><subfield code="q">(John Stocker Coffin),</subfield><subfield code="d">1799-1871.</subfield></datafield><datafield ind1=" " ind2=" " tag="752"><subfield code="a">United States</subfield><subfield code="b">Massachusetts</subfield><subfield code="c">Worcester</subfield><subfield code="d">Worcester.</subfield></datafield><datafield ind1="1" ind2=" " tag="776"><subfield code="c">Original</subfield><subfield code="w">(DLC)sn 83020924</subfield></datafield><datafield ind1="1" ind2="4" tag="780"><subfield code="t">Worcester palladium (Worcester, Mass. : 1834)</subfield><subfield code="w">(DLC)sn 94084134</subfield></datafield><datafield ind1="1" ind2="4" tag="780"><subfield code="t">Worcester Republican (Worcester, Mass. : 1833)</subfield></datafield><datafield ind1="0" ind2="0" tag="785"><subfield code="t">Worcester palladium (Worcester, Mass. : 1840)</subfield><subfield code="w">(DLC)sn 94084136</subfield></datafield><datafield ind1=" " ind2=" " tag="850"><subfield code="a">NN</subfield><subfield code="a">NN (master)</subfield></datafield></record>